@misc{yale_face_database,
    author =        {Kuang-Chih Lee, Jeffrey Ho and David Kriegman},
    title =         {{T}he {Y}ale {F}ace {D}atabase {B}},
    howpublished =  "\url{http://vision.ucsd.edu/~leekc/ExtYaleDatabase/ExtYaleB.html}",
    year =          "2005",
    note =          "[Дата последнего посещения: 21.05.2014]",
}

@misc{haar_cascade,
    title =         "Стандартный каскад Хаара",
    howpublished =  "\url{http://sqface.ru}",
    note =          "[Дата последнего посещения: 21.05.2014]",
}

@misc{ministro,
    howpublished =  "\url{https://play.google.com/store/apps/details?id=org.kde.necessitas.ministro&hl=ru}",
    title =         "Ministro",
    year =          "2013",
    note =          "[Дата последнего посещения: 13.04.2014]",
}

@book{viola_jones_1,
    author =        "Kristen Grauman, Bastian Leibe",
    title =         "Visual objects recognition",
    year =          "2011",
    publisher =     "Morgan \& Claypool",
    isbn =          "9781598299687",
}

@book{viola_jones,
    author =        "Qian Li , Niaz U., Merialdo B.",
    title =         "An improved algorithm on Viola-Jones object detector",
    year =          "2012",
    publisher =     "Content-Based Multimedia Indexing (CBMI), 2012 10th International Workshop on",
    isbn =          "978-1-4673-2368-0",
}

@book{viola_jones_2,
    author =        "Cha Zhang, Zhengyou Zhang",
    title =         "Boosting-Based Face Detection and Adaptation",
    isbn =          "9781608451333",
    publisher =     "Morgan \& Claypool",
    year =          "2010",
    numpages =      "80",
}

@book{econ_1,
    author =        "Ю.В. Скворцова, Л.А. Некрасова",
    title =         "Организация машиностроительного производства",
    publisher =     "Высшая школа",
    year =          "2008",
}

@misc{opencv,
    author =        "Intel Corporation, Willow Garage Inc., Itseez Ltd.",
    title =         "{O}pen Source {C}omputer {V}ision Library",
    howpublished =  "\url{http://opencv.org/}",
    year =          "2006",
    note =          "[Дата последнего посещения: 17.04.2014]",
}

@misc{hxmerilena,
    title =         "HxMarilena Project",
    howpublished =  "\url{https://code.google.com/p/hxmarilena/}",
    year =          "2013",
    note =          "[Дата последнего посещения: 7.04.2014]",
}

@misc{cloovision,
    title =         "OpenClooVision - OpenCL computer vision library for .NET / C\#",
    howpublished =  "\url{https://opencloovision.codeplex.com/}",
    year =          "2006",
    author =        "Hans Wolff",
    note =          "[Дата последнего посещения: 11.05.2014]",
}

@misc{viola_matlab,
    title =         "MATLAB Viola Jones Object Detection",
    author =        "Dirk-Jan Kroon",
    year =          "2010",
    howpublished =  "\url{http://www.mathworks.com/matlabcentral/fileexchange/29437-viola-jones-object-detection}",
    note =          "[Дата последнего посещения: 11.05.2014]",
}

@article{harak_points,
    title =         "Статистическое распознавание лиц по  геометрии характерных точек для систем  транспортной безопасности",
    author =        "Каркищенко А. Н., Гречухин И. А.",
    year =          "2012",
    journal =       "Управление большими системами: сборник трудов",
    volume =        "38",
}

@article{correlations,
    title =         "Fast Template Matching Method Based Optimized
                        Sum of Absolute Difference Algorithm for Face
                        Localization",
    author =        "Nadir Nourain Dawoud, Brahim Belhaouari Samir, Josefina Janier",
    year =          "2011",
    journal =       "International Journal of Computer Applications",
    volume =        "18",
    number =        "8",
    pages =         "30 -- 34",
}

@article{sar,
    title =         "Faster image template matching in the sum of the absolute value of differences measure",
    author =        "M. J. Atallah",
    year =          "2001",
    journal =       "Image Processing, IEEE Transactions on",
    volume =        "10",
    number =        "8",
    pages =         "659 -- 663",
}

@article{kvantic,
    title =         "Квантовое распознавание лиц и квантовая визуальная криптография: модели и алгоритмы",
    author =        "Ульянов Сергей Викторович, Петров Сергей Павлович",
    journal =       "Системный анализ в науке и образовании",
    year =          "2012",
    volume =        "1",
}


@article{vaivlet_1,
    author =        "Буй Тхи Тху Чанг, Спицын В.Г.",
    title =         "Разложение цифровых изображений с помощью двумерного дискретного вейвлет-преобразования и быстрого
                        преобразования",
    journal =       "Известия Томского политехнического университета",
    year =          "2011",
    volume =        "318",
    number =        "5",
    pages =         "73 -- 76",
}

@article{vaivlet_2,
    author =        "Буй Тхи Тху Чанг, Фан Нгок Хоанг, Спицын В.Г.",
    title =         "Алгоритмическое и программное обеспечение для классификации цифровых изображений с помощью вейвлетпреобразования Хаара
                        и нейронных сетей",
    year =          "2011",
    volume =        "319",
    number =        "5",
    pages =         "103 -- 106",
}

@book{PCA,
    author =        "L.I. Smith",
    year =          "1974",
    title =         "A tutorial on Principal Component Analysis",
    publisher =     " Cornell University",
}

@book{LDA,
    author =        "S. Balakrishnama, A. Ganapathiraju",
    title =         "Linear discriminant analysis~-- a brief tutorial",
    year =          "1998",
    publisher =     "Institute for Signal и Information Processing",
}

@book{merkov,
    title =         "Введение в методы статистического обучения",
    year =          "2011",
    author =        "А. Б. Мерков",
}

@book{volchenko,
    title =         "Об автоматическом распознавании лиц",
    year =          "2005",
    author =        "М.П. Волченков, И.Ю. Самоненко",
}

@book{main_counters,
    title =         "Обработка и анализ границ объектов на основе метода активных контуров",
    author =        "Семашко А.C., Крылов А.С.",
    year =          "2009",
}

@book{milborrow,
    title =         "Locating facial features with active shape models",
    author =        "Milborrow S.",
    year =          "2007",
    publisher =     "Faculty of Engineering, University of Cape Town",
}

@misc{faceid,
    author =        "ImageWare Software Incorporated",
    title =         "Face ID",
    howpublished =  "\url{http://contracts.onecle.com/imageware/kitsap.lic.2006.06.28.shtml}",
    year =          "2006",
    note =          "[Дата последнего посещения: 13.04.2014]",
}

@misc{imagis,
    author =        "Imagis Technologies Inc.",
    title =         "Image Detection and Biometric Facial Recognition",
    year =          "2008",
    howpublished =  "http://www.secinfo.com/d11By2.5v.htm",
    note =          "[Дата последнего посещения: 13.04.2014]",
}

@misc{fann,
    year =          "2014",
    title =         "Fast Artificial Neural Network Library",
    howpublished =  "\url{http://leenissen.dk/fann/wp/}",
    note =          "[Дата последнего посещения: 13.04.2014]",
}

@book{bjd,
    author =        "Г.А. Суворов, Ю.П. Пальцев",
    title =         "СанПиН 2.2.2/2.4.1340-03",
    year =          "2007",
    publisher =     "Минздрав России",
}

@book{facebook,
    author =        "Yaniv Taigman, Ming Yang, Marc Aurelio Ranzato and Lior Wolf",
    title =         "DeepFace: Closing the Gap to Human-Level Performance in Face Verification",
    publisher =     "Facebook: AI Group",
    year =          "2014",
}
